
@book{daniel2002,
	title = {Bioestadística: Base para el análisis de las ciencias de la salud},
	author = {Daniel, Wayne W},
	year = {2002},
	date = {2002},
	publisher = {Limusa Wiley},
	edition = {4}
}

@book{ballesterdíez2003,
	title = {Estudios ecológicos},
	author = {{Ballester Díez}, {Ferrán} and {Tenías Burillo}, {José María}},
	year = {2003},
	date = {2003},
	publisher = {Valencia : Escola Valenciana d{\textquoteright}Estudis per a la Salut, 2003}
}

@book{hernández-ávila2011,
	title = {Epidemiología: diseño y análisis de estudios},
	author = {{Hernández-Ávila}, Mauricio},
	year = {2011},
	date = {2011},
	publisher = {Editorial Médica Panamericana},
	note = {OCLC: 916396267},
	address = {Buenos Aires},
	langid = {spa}
}

@book{escuelanacionaldesanidad,
	title = {Manual docente de la Escuela Nacional de Sanidad: Método Epidemiológico},
	author = {{Escuela Nacional de Sanidad (ENS). Instituto de Salud Carlos III. Ministerio de Ciencias e Innovación. Madrid}, },
	year = {2009},
	date = {2009}
}

@book{triola2009,
	title = {ESTADÍSTICA Decima Edicion},
	author = {Triola, Mario F},
	year = {2009},
	date = {2009},
	publisher = {Pearson Educación de México, SA de CV},
	note = {Publisher: Mexico: Pearson Educación de México, SA de CV}
}

@book{sheather2009,
	title = {A modern approach to regression with R},
	author = {Sheather, Simon},
	year = {2009},
	date = {2009},
	publisher = {Springer Science & Business Media}
}

@book{weisberg2005,
	title = {Applied linear regression},
	author = {Weisberg, Sanford},
	year = {2005},
	date = {2005},
	publisher = {John Wiley & Sons},
	volume = {528}
}

@article{tidyverse,
	title = {Welcome to the {\textbraceleft}tidyverse{\textbraceright}},
	author = {Wickham, Hadley and Averick, Mara and Bryan, Jennifer and Chang, Winston and McGowan, {Lucy D'Agostino} and {François}, Romain and Grolemund, Garrett and Hayes, Alex and Henry, Lionel and Hester, Jim and Kuhn, Max and Pedersen, Thomas Lin and Miller, Evan and Bache, Stephan Milton and {Müller}, Kirill and Ooms, Jeroen and Robinson, David and Seidel, Dana Paige and Spinu, Vitalie and Takahashi, Kohske and Vaughan, Davis and Wilke, Claus and Woo, Kara and Yutani, Hiroaki},
	year = {2019},
	date = {2019},
	pages = {1686},
	volume = {4},
	doi = {10.21105/joss.01686}
}

@article{nortest,
	title = {nortest: Tests for Normality},
	author = {Gross, Juergen and Ligges, Uwe},
	year = {2015},
	date = {2015},
	url = {https://CRAN.R-project.org/package=nortest}
}

@article{performance,
	title = {{\textbraceleft}performance{\textbraceright}: An {\textbraceleft}R{\textbraceright} Package for Assessment, Comparison and Testing of Statistical Models},
	author = {{Lüdecke}, Daniel and Ben-Shachar, Mattan S. and Patil, Indrajeet and Waggoner, Philip and Makowski, Dominique},
	year = {2021},
	date = {2021},
	pages = {3139},
	volume = {6},
	doi = {10.21105/joss.03139}
}

@article{gtsummary,
	title = {Reproducible Summary Tables with the gtsummary Package},
	author = {Sjoberg, Daniel D. and Whiting, Karissa and Curry, Michael and Lavery, Jessica A. and Larmarange, Joseph},
	year = {2021},
	date = {2021},
	pages = {570--580},
	volume = {13},
	doi = {10.32614/RJ-2021-053},
	url = {https://doi.org/10.32614/RJ-2021-053}
}

@article{lmtest,
	title = {Diagnostic Checking in Regression Relationships},
	author = {Zeileis, Achim and Hothorn, Torsten},
	year = {2002},
	date = {2002},
	volume = {2},
	url = {https://CRAN.R-project.org/doc/Rnews/}
}
