
@book{hernández-ávila2011,
	title = {Epidemiología: diseño y análisis de estudios},
	author = {{Hernández-Ávila}, Mauricio},
	year = {2011},
	date = {2011},
	publisher = {Editorial Médica Panamericana},
	note = {OCLC: 916396267},
	address = {Buenos Aires},
	langid = {spa}
}

@article{nolasco2016,
	title = {Estadística avanzada en Ciencias de la Salud},
	author = {Nolasco, A},
	year = {2016},
	date = {2016},
	journal = {Modelos lineales}
}

@book{pérezhoyos2001,
	title = {Introducción a la regresión Poisson},
	author = {{Pérez Hoyos}, Santiago},
	year = {2001},
	date = {2001},
	publisher = {Escola Valenciana d'Estudis per a la Salut},
	edition = {1a. ed},
	note = {OCLC: 433038949},
	address = {València},
	langid = {spa}
}

@article{salinas-rodríguez2009,
	title = {Análisis estadístico para datos de conteo: aplicaciones para el uso de los servicios de salud},
	author = {{Salinas-Rodríguez}, {Aarón} and Manrique-Espinoza, Betty and {Sosa-Rubí}, Sandra G},
	year = {2009},
	date = {2009},
	journal = {salud pública de méxico},
	pages = {397--406},
	volume = {51},
	note = {Publisher: SciELO Public Health}
}

