
@article{nolasco2016,
	title = {Estadística avanzada en Ciencias de la Salud},
	author = {Nolasco, A},
	year = {2016},
	date = {2016},
	journal = {Modelos lineales}
}

@book{pérezhoyos2001,
	title = {Introducción a la regresión Poisson},
	author = {{Pérez Hoyos}, Santiago},
	year = {2001},
	date = {2001},
	publisher = {Escola Valenciana d'Estudis per a la Salut},
	edition = {1a. ed},
	note = {OCLC: 433038949},
	address = {València},
	langid = {spa}
}

@article{salinas-rodríguez2009,
	title = {Análisis estadístico para datos de conteo: aplicaciones para el uso de los servicios de salud},
	author = {{Salinas-Rodríguez}, {Aarón} and Manrique-Espinoza, Betty and {Sosa-Rubí}, Sandra G},
	year = {2009},
	date = {2009},
	journal = {salud pública de méxico},
	pages = {397--406},
	volume = {51},
	note = {Publisher: SciELO Public Health}
}

@article{RCoreTeam2021,
	title = {R: A Language and Environment for Statistical Computing},
	author = {R Core Team, },
	year = {2024},
	date = {2024},
	url = {https://www.r-project.org/},
	note = {Citation Key: RCoreTeam2021
Place: Vienna, Austria}
}

@article{tidyverse,
	title = {Welcome to the {\textbraceleft}tidyverse{\textbraceright}},
	author = {Wickham, Hadley and Averick, Mara and Bryan, Jennifer and Chang, Winston and McGowan, {Lucy D'Agostino} and {François}, Romain and Grolemund, Garrett and Hayes, Alex and Henry, Lionel and Hester, Jim and Kuhn, Max and Pedersen, Thomas Lin and Miller, Evan and Bache, Stephan Milton and {Müller}, Kirill and Ooms, Jeroen and Robinson, David and Seidel, Dana Paige and Spinu, Vitalie and Takahashi, Kohske and Vaughan, Davis and Wilke, Claus and Woo, Kara and Yutani, Hiroaki},
	year = {2019},
	date = {2019},
	pages = {1686},
	volume = {4},
	doi = {10.21105/joss.01686}
}

@article{performance,
	title = {{\textbraceleft}performance{\textbraceright}: An {\textbraceleft}R{\textbraceright} Package for Assessment, Comparison and Testing of Statistical Models},
	author = {{Lüdecke}, Daniel and Ben-Shachar, Mattan S. and Patil, Indrajeet and Waggoner, Philip and Makowski, Dominique},
	year = {2021},
	date = {2021},
	pages = {3139},
	volume = {6},
	doi = {10.21105/joss.03139}
}

@article{gtsummary,
	title = {Reproducible Summary Tables with the gtsummary Package},
	author = {Sjoberg, Daniel D. and Whiting, Karissa and Curry, Michael and Lavery, Jessica A. and Larmarange, Joseph},
	year = {2021},
	date = {2021},
	pages = {570--580},
	volume = {13},
	doi = {10.32614/RJ-2021-053},
	url = {https://doi.org/10.32614/RJ-2021-053}
}

@book{kleinbaum1988,
	title = {Applied regression analysis and other multivariable methods},
	author = {Kleinbaum, David G and Kupper, Lawrence L and Muller, Keith E and Nizam, Azhar},
	year = {1988},
	date = {1988},
	publisher = {Duxbury press Belmont, CA},
	volume = {601}
}


@book{machiavelli2018,
title = {Modelos Estadísticos Avanzados Aplicados a
la Investigación en Salud y Ambiente},
author = {Machiavelli, Raúl and Torres-Saavedra, Pedro A.},
year = {2018},
publisher = {Facultad de Ciencias Exactas y Naturales, Universidad Nacional de
Buenos Aires}
}

@Article{glmmtmb,
    author = {Mollie E. Brooks and Kasper Kristensen and Koen J. {van Benthem} and Arni Magnusson and Casper W. Berg and Anders Nielsen and Hans J. Skaug and Martin Maechler and Benjamin M. Bolker},
    title = {{glmmTMB} Balances Speed and Flexibility Among Packages for Zero-inflated Generalized Linear Mixed Modeling},
    year = {2017},
    journal = {The R Journal},
    doi = {10.32614/RJ-2017-066},
    pages = {378--400},
    volume = {9},
    number = {2}
  }