
@book{hernández-ávila2011,
	title = {Epidemiología: diseño y análisis de estudios},
	author = {{Hernández-Ávila}, Mauricio},
	year = {2011},
	date = {2011},
	publisher = {Editorial Médica Panamericana},
	note = {OCLC: 916396267},
	address = {Buenos Aires},
	langid = {spa}
}


@book{woodward2005epidemiology,
  title={Epidemiology: Study Design and Data Analysis},
  author={Woodward, M.},
  isbn={9780429258350},
  series={Texts in statistical science},
  url={https://books.google.com.ar/books?id=kcDHxgEACAAJ},
  year={2005},
  publisher={Chapman \& Hall/CRC}
}

@misc{royo2009metodo,
  title={M{\'e}todo epidemiol{\'o}gico},
  author={Royo-Bordonada, Miguel Angel and Damian, Javier and Perez-Gomez, Beatriz and Rodr{\'\i}guez-Artalejo, Fernando and Villar Alvarez, Fernando and Lopez-Abente, Gonzalo and Imaz-Iglesia, I{\~n}aki and Castilla Catal{\'a}n, Jes{\'u}s and Gonzalez-Enriquez, Jesus and Martin Moreno, Jose Maria and others},
  year={2009},
  publisher={Instituto de Salud Carlos III (ISCIII). Escuela Nacional de Sanidad (ENS)}
}

@Book{survival-book,
  title = {Modeling Survival Data: Extending the {C}ox Model},
  author = {{Terry M. Therneau} and {Patricia M. Grambsch}},
  year = {2000},
  publisher = {Springer},
  address = {New York},
  isbn = {0-387-98784-3},
}

@Manual{survminer,
    title = {survminer: Drawing Survival Curves using 'ggplot2'},
    author = {Alboukadel Kassambara and Marcin Kosinski and Przemyslaw Biecek},
    year = {2021},
    note = {R package version 0.4.9},
    url = {https://CRAN.R-project.org/package=survminer},
  }  
  