@article{tidyverse,
	title = {Welcome to the {\textbraceleft}tidyverse{\textbraceright}},
	author = {Wickham, Hadley and Averick, Mara and Bryan, Jennifer and Chang, Winston and McGowan, {Lucy D'Agostino} and {François}, Romain and Grolemund, Garrett and Hayes, Alex and Henry, Lionel and Hester, Jim and Kuhn, Max and Pedersen, Thomas Lin and Miller, Evan and Bache, Stephan Milton and {Müller}, Kirill and Ooms, Jeroen and Robinson, David and Seidel, Dana Paige and Spinu, Vitalie and Takahashi, Kohske and Vaughan, Davis and Wilke, Claus and Woo, Kara and Yutani, Hiroaki},
	year = {2019},
	date = {2019},
	pages = {1686},
	volume = {4},
	doi = {10.21105/joss.01686}
}

@article{janitor,
	title = {janitor: Simple Tools for Examining and Cleaning Dirty Data},
	author = {Firke, Sam},
	year = {2023},
	date = {2023},
	url = {https://CRAN.R-project.org/package=janitor}
}

@article{gtsummary,
	title = {Reproducible Summary Tables with the gtsummary Package},
	author = {Sjoberg, Daniel D. and Whiting, Karissa and Curry, Michael and Lavery, Jessica A. and Larmarange, Joseph},
	year = {2021},
	date = {2021},
	pages = {570--580},
	volume = {13},
	doi = {10.32614/RJ-2021-053},
	url = {https://doi.org/10.32614/RJ-2021-053}
}


@url{bolker2024,
  title = {GLMM FAQ. Model extensions: Penalization/handling complete separation},
  author = {Bolker, Ben, et al.},
  year = 2024,
  url = {https://bbolker.github.io/mixedmodels-misc/glmmFAQ.html#}
  }
  

  
@inbook{chapter2015,
	title = {Chapter 5: Models for Binary Data},
	booktitle = {Foundations of Linear and Generalized Linear Models},
	author = {Agresti, Alan},
	year = {2015},
	publisher = {John Wiley & Sons, Inc.},
	pages = {165-201},
	isbn = {978-1-118-73003-4},
	series = {Wiley Series in Probability and Statistics},
	address = {Hoboken, New Jersey},
	langid = {en}
}

@article{detectseparation,
	title = {detectseparation: Detect and Check for Separation and Infinite Maximum Likelihood
Estimates},
	author = {Kosmidis, Ioannis and Schumacher, Dirk and Schwendinger, Florian},
	year = {2022},
	date = {2022},
	url = {https://CRAN.R-project.org/package=detectseparation}
}

@article{base,
	title = {R: A Language and Environment for Statistical Computing},
	author = {, R Core Team},
	year = {2024},
	date = {2024},
	url = {https://www.R-project.org/}
}
