@book{daniel2002,
	title = {Bioestadística: Base para el análisis de las ciencias de la salud},
	author = {Daniel, Wayne W},
	year = {2002},
	date = {2002},
	publisher = {Limusa Wiley},
	edition = {4}
}

@book{ballesterdíez2003,
	title = {Estudios ecológicos},
	author = {{Ballester Díez}, {Ferrán} and {Tenías Burillo}, {José María}},
	year = {2003},
	date = {2003},
	publisher = {Valencia : Escola Valenciana d{\textquoteright}Estudis per a la Salut, 2003}
}

@book{hernández-ávila2011,
	title = {Epidemiología: diseño y análisis de estudios},
	author = {{Hernández-Ávila}, Mauricio},
	year = {2011},
	date = {2011},
	publisher = {Editorial Médica Panamericana},
	note = {OCLC: 916396267},
	address = {Buenos Aires},
	langid = {spa}
}

@book{escuelanacionaldesanidad,
	title = {Manual docente de la Escuela Nacional de Sanidad: Método Epidemiológico},
	author = {{Escuela Nacional de Sanidad (ENS). Instituto de Salud Carlos III. Ministerio de Ciencias e Innovación. Madrid}, },
	year = {2009},
	date = {2009}
}

@book{triola2009,
	title = {ESTADÍSTICA Decima Edicion},
	author = {Triola, Mario F},
	year = {2009},
	date = {2009},
	publisher = {Pearson Educación de México, SA de CV},
	note = {Publisher: Mexico: Pearson Educación de México, SA de CV}
}


@book{weisberg2005,
	title = {Applied linear regression},
	author = {Weisberg, Sanford},
	year = {2005},
	date = {2005},
	publisher = {John Wiley & Sons},
	volume = {528}
}
