
@book{hernández-ávila2011,
	title = {Epidemiología: diseño y análisis de estudios},
	author = {{Hernández-Ávila}, Mauricio},
	year = {2011},
	date = {2011},
	publisher = {Editorial Médica Panamericana},
	note = {OCLC: 916396267},
	address = {Buenos Aires},
	langid = {spa}
}

@book{escuelanacionaldesanidad(ens).institutodesaludcarlosiii.ministeriodecienciaseinnovación.madrid2009,
	title = {Manual docente de la Escuela Nacional de Sanidad: Método Epidemiológico},
	author = {{Escuela Nacional de Sanidad (ENS). Instituto de Salud Carlos III. Ministerio de Ciencias e Innovación. Madrid}, },
	year = {2009},
	date = {2009}
}

@article{silvaayçaguer1995,
	title = {Excursión a la regresión logística en ciencias de la salud},
	author = {{Silva Ayçaguer}, Luis Carlos},
	year = {1995},
	date = {1995},
	journal = {Madrid: Díaz de Santos}
}

@article{thompson1994,
	title = {Statistical analysis of case-control studies},
	author = {Thompson, W. D.},
	year = {1994},
	date = {1994},
	journal = {Epidemiologic Reviews},
	pages = {33--50},
	volume = {16},
	number = {1},
	doi = {10.1093/oxfordjournals.epirev.a036143},
	note = {PMID: 7925726},
	langid = {eng}
}

@book{field2014,
	title = {Discovering statistics using R},
	author = {Field, Andy and Miles, Jeremy and Field, {Zoë}},
	year = {2014},
	date = {2014},
	publisher = {Sage},
	edition = {Repr},
	address = {Los Angeles, CA, USA},
	langid = {eng}
}

@book{rothman2012,
	title = {Epidemiology: an introduction},
	author = {Rothman, Kenneth J.},
	year = {2012},
	date = {2012},
	publisher = {Oxford Univ. Press},
	edition = {2. ed},
	address = {New York, NY},
	langid = {eng}
}

@article{ortegacalvo2002,
	title = {Regresión logística no condicionada y tamaño de muestra: una revisión bibliográfica},
	author = {Ortega Calvo, Manuel and {Cayuela Domínguez}, Aurelio},
	year = {2002},
	date = {2002},
	journal = {Revista Española de Salud Pública},
	pages = {85--93},
	volume = {76},
	note = {Publisher: scieloes}
}

@article{RCoreTeam2021,
	title = {R: A Language and Environment for Statistical Computing},
	author = {R Core Team, },
	year = {2024},
	date = {2024},
	url = {https://www.r-project.org/},
	note = {Citation Key: RCoreTeam2021
Place: Vienna, Austria}
}

@article{tidyverse,
	title = {Welcome to the {\textbraceleft}tidyverse{\textbraceright}},
	author = {Wickham, Hadley and Averick, Mara and Bryan, Jennifer and Chang, Winston and McGowan, {Lucy D'Agostino} and {François}, Romain and Grolemund, Garrett and Hayes, Alex and Henry, Lionel and Hester, Jim and Kuhn, Max and Pedersen, Thomas Lin and Miller, Evan and Bache, Stephan Milton and {Müller}, Kirill and Ooms, Jeroen and Robinson, David and Seidel, Dana Paige and Spinu, Vitalie and Takahashi, Kohske and Vaughan, Davis and Wilke, Claus and Woo, Kara and Yutani, Hiroaki},
	year = {2019},
	date = {2019},
	pages = {1686},
	volume = {4},
	doi = {10.21105/joss.01686}
}

@article{performance,
	title = {{\textbraceleft}performance{\textbraceright}: An {\textbraceleft}R{\textbraceright} Package for Assessment, Comparison and Testing of Statistical Models},
	author = {{Lüdecke}, Daniel and Ben-Shachar, Mattan S. and Patil, Indrajeet and Waggoner, Philip and Makowski, Dominique},
	year = {2021},
	date = {2021},
	pages = {3139},
	volume = {6},
	doi = {10.21105/joss.03139}
}

@article{skimr,
	title = {skimr: Compact and Flexible Summaries of Data},
	author = {Waring, Elin and Quinn, Michael and McNamara, Amelia and Arino de la Rubia, Eduardo and Zhu, Hao and Ellis, Shannon},
	year = {2022},
	date = {2022},
	url = {https://CRAN.R-project.org/package=skimr}
}

@article{gtsummary,
	title = {Reproducible Summary Tables with the gtsummary Package},
	author = {Sjoberg, Daniel D. and Whiting, Karissa and Curry, Michael and Lavery, Jessica A. and Larmarange, Joseph},
	year = {2021},
	date = {2021},
	pages = {570--580},
	volume = {13},
	doi = {10.32614/RJ-2021-053},
	url = {https://doi.org/10.32614/RJ-2021-053}
}

@misc{epidat4,
	title = {EPIDAT 4.2 - Consellería de Sanidade - Servizo Galego de Saúde},
	url = {https://www.sergas.es/Saude-publica/EPIDAT-4-2}
}
