@book{hernández-ávila2011,
	title = {Epidemiología: diseño y análisis de estudios},
	author = {{Hernández-Ávila}, Mauricio},
	year = {2011},
	date = {2011},
	publisher = {Editorial Médica Panamericana},
	note = {OCLC: 916396267},
	address = {Buenos Aires},
	langid = {spa}
}

@book{escuelanacionaldesanidad(ens).institutodesaludcarlosiii.ministeriodecienciaseinnovación.madrid2009,
	title = {Manual docente de la Escuela Nacional de Sanidad: Método Epidemiológico},
	author = {{Escuela Nacional de Sanidad (ENS). Instituto de Salud Carlos III. Ministerio de Ciencias e Innovación. Madrid}, },
	year = {2009},
	date = {2009}
}

@article{silvaayçaguer1995,
	title = {Excursión a la regresión logística en ciencias de la salud},
	author = {{Silva Ayçaguer}, Luis Carlos},
	year = {1995},
	date = {1995},
	journal = {Madrid: Díaz de Santos}
}

@article{thompson1994,
	title = {Statistical analysis of case-control studies},
	author = {Thompson, W. D.},
	year = {1994},
	date = {1994},
	journal = {Epidemiologic Reviews},
	pages = {33--50},
	volume = {16},
	number = {1},
	doi = {10.1093/oxfordjournals.epirev.a036143},
	note = {PMID: 7925726},
	langid = {eng}
}

@book{field2014,
	title = {Discovering statistics using R},
	author = {Field, Andy and Miles, Jeremy and Field, {Zoë}},
	year = {2014},
	date = {2014},
	publisher = {Sage},
	edition = {Repr},
	address = {Los Angeles, CA, USA},
	langid = {eng}
}

@book{rothman2012,
	title = {Epidemiology: an introduction},
	author = {Rothman, Kenneth J.},
	year = {2012},
	date = {2012},
	publisher = {Oxford Univ. Press},
	edition = {2. ed},
	address = {New York, NY},
	langid = {eng}
}

@article{ortegacalvo2002,
	title = {Regresión logística no condicionada y tamaño de muestra: una revisión bibliográfica},
	author = {Ortega Calvo, Manuel and {Cayuela Domínguez}, Aurelio},
	year = {2002},
	date = {2002},
	journal = {Revista Española de Salud Pública},
	pages = {85--93},
	volume = {76},
	note = {Publisher: scieloes}
}
