@book{daniel2002,
	title = {Bioestadística: Base para el análisis de las ciencias de la salud},
	author = {Daniel, Wayne W},
	year = {2002},
	date = {2002},
	publisher = {Limusa Wiley},
	edition = {4}
}

@book{ballesterdíez2003,
	title = {Estudios ecológicos},
	author = {{Ballester Díez}, {Ferrán} and {Tenías Burillo}, {José María}},
	year = {2003},
	date = {2003},
	publisher = {Valencia : Escola Valenciana d{\textquoteright}Estudis per a la Salut, 2003}
}

@book{hernández-ávila2011,
	title = {Epidemiología: diseño y análisis de estudios},
	author = {{Hernández-Ávila}, Mauricio},
	year = {2011},
	date = {2011},
	publisher = {Editorial Médica Panamericana},
	note = {OCLC: 916396267},
	address = {Buenos Aires},
	langid = {spa}
}

@book{escuelanacionaldesanidad(ens).institutodesaludcarlosiii.ministeriodecienciaseinnovación.madrid2009,
	title = {Manual docente de la Escuela Nacional de Sanidad: Método Epidemiológico},
	author = {{Escuela Nacional de Sanidad (ENS). Instituto de Salud Carlos III. Ministerio de Ciencias e Innovación. Madrid}, },
	year = {2009},
	date = {2009}
}

@book{triola2009,
	title = {ESTADÍSTICA Decima Edicion},
	author = {Triola, Mario F},
	year = {2009},
	date = {2009},
	publisher = {Pearson Educación de México, SA de CV},
	note = {Publisher: Mexico: Pearson Educación de México, SA de CV}
}

@book{sheather2009,
	title = {A modern approach to regression with R},
	author = {Sheather, Simon},
	year = {2009},
	date = {2009},
	publisher = {Springer Science & Business Media}
}

@book{weisberg2005,
	title = {Applied linear regression},
	author = {Weisberg, Sanford},
	year = {2005},
	date = {2005},
	publisher = {John Wiley & Sons},
	volume = {528}
}

@article{RCoreTeam2021,
	title = {R: A Language and Environment for Statistical Computing},
	author = {R Core Team, },
	year = {2024},
	date = {2024},
	url = {https://www.r-project.org/},
	note = {Citation Key: RCoreTeam2021
Place: Vienna, Austria}
}

@article{dlookr,
	title = {{\textbraceleft}dlookr{\textbraceright}: Tools for Data Diagnosis, Exploration, Transformation},
	author = {Ryu, Choonghyun},
	year = {2024},
	date = {2024},
	url = {https://CRAN.R-project.org/package=dlookr}
}

@article{tidyverse,
	title = {Welcome to the {\textbraceleft}tidyverse{\textbraceright}},
	author = {Wickham, Hadley and Averick, Mara and Bryan, Jennifer and Chang, Winston and McGowan, {Lucy D'Agostino} and {François}, Romain and Grolemund, Garrett and Hayes, Alex and Henry, Lionel and Hester, Jim and Kuhn, Max and Pedersen, Thomas Lin and Miller, Evan and Bache, Stephan Milton and {Müller}, Kirill and Ooms, Jeroen and Robinson, David and Seidel, Dana Paige and Spinu, Vitalie and Takahashi, Kohske and Vaughan, Davis and Wilke, Claus and Woo, Kara and Yutani, Hiroaki},
	year = {2019},
	date = {2019},
	pages = {1686},
	volume = {4},
	doi = {10.21105/joss.01686}
}

@article{performance,
	title = {{\textbraceleft}performance{\textbraceright}: An {\textbraceleft}R{\textbraceright} Package for Assessment, Comparison and Testing of Statistical Models},
	author = {{Lüdecke}, Daniel and Ben-Shachar, Mattan S. and Patil, Indrajeet and Waggoner, Philip and Makowski, Dominique},
	year = {2021},
	date = {2021},
	pages = {3139},
	volume = {6},
	doi = {10.21105/joss.03139}
}


@article{gvlma,
	title = {gvlma: Global Validation of Linear Models Assumptions},
	author = {Pena, Edsel A. and Slate, Elizabeth H.},
	year = {2019},
	date = {2019},
	url = {https://CRAN.R-project.org/package=gvlma}
}

@book{fox2018,
	title = {An R companion to applied regression},
	author = {Fox, John and Weisberg, Sanford},
	year = {2018},
	date = {2018},
	publisher = {Sage publications}
}

@book{gordis2017,
	title = {Epidemiologia},
	author = {Gordis, Leon},
	year = {2017},
	date = {2017},
	publisher = {Thieme Revinter Publicações LTDA}
}

@article{deirala2001,
	title = {¿Qué es una variable de confusión?},
	author = {De Irala, Jokin and {Martínez-González}, {Miguel Ángel} and {Guillén Grima}, Francisco},
	year = {2001},
	month = {01},
	date = {2001-01},
	journal = {Medicina Clínica},
	pages = {377--385},
	volume = {117},
	number = {10},
	doi = {10.1016/S0025-7753(01)72121-5},
	url = {https://linkinghub.elsevier.com/retrieve/pii/S0025775301721215},
	langid = {es}
}

@book{kleinbaum1988,
	title = {Applied regression analysis and other multivariable methods},
	author = {Kleinbaum, David G and Kupper, Lawrence L and Muller, Keith E and Nizam, Azhar},
	year = {1988},
	date = {1988},
	publisher = {Duxbury press Belmont, CA},
	volume = {601}
}

@article{kim2019,
	title = {Multicollinearity and misleading statistical results},
	author = {Kim, Jong Hae},
	year = {2019},
	month = {12},
	date = {2019-12-01},
	journal = {Korean Journal of Anesthesiology},
	pages = {558--569},
	volume = {72},
	number = {6},
	doi = {10.4097/kja.19087},
	url = {http://ekja.org/journal/view.php?doi=10.4097/kja.19087},
	langid = {en}
}

@article{nortest,
	title = {nortest: Tests for Normality},
	author = {Gross, Juergen and Ligges, Uwe},
	year = {2015},
	date = {2015},
	url = {https://CRAN.R-project.org/package=nortest}
}

@article{lmtest,
	title = {Diagnostic Checking in Regression Relationships},
	author = {Zeileis, Achim and Hothorn, Torsten},
	year = {2002},
	date = {2002},
	volume = {2},
	url = {https://CRAN.R-project.org/doc/Rnews/}
}

@inbook{macmahon,
title = {Concepts of multiple factors},
author = {MacMahon, B},
booktitle = {Multiple factors in the causation of environmentally induced disease.},
year = {1972}
}

@article{de2001que,
  title={?` Qu{\'e} es una variable modificadora del efecto?},
  author={de Irala, Jokin and Mart{\'\i}nez-Gonz{\'a}lez, Miguel {\'A}ngel and Grima, Francisco Guill{\'e}n},
  journal={Medicina cl{\'\i}nica},
  volume={117},
  number={8},
  pages={297--302},
  year={2001},
  publisher={Elsevier Doyma}
}
