@book{hernández-ávila2011,
	title = {Epidemiología: diseño y análisis de estudios},
	author = {{Hernández-Ávila}, Mauricio},
	year = {2011},
	date = {2011},
	publisher = {Editorial Médica Panamericana},
	note = {OCLC: 916396267},
	address = {Buenos Aires},
	langid = {spa}
}

@book{woodward2005epidemiology,
  title={Epidemiology: Study Design and Data Analysis},
  author={Woodward, M.},
  isbn={9780429258350},
  series={Texts in statistical science},
  url={https://books.google.com.ar/books?id=kcDHxgEACAAJ},
  year={2005},
  publisher={Chapman \& Hall/CRC}
}

@book{escuelanacionaldesanidad(ens).institutodesaludcarlosiii.ministeriodecienciaseinnovación.madrid2009,
	title = {Manual docente de la Escuela Nacional de Sanidad: Método Epidemiológico},
	author = {{Escuela Nacional de Sanidad (ENS). Instituto de Salud Carlos III. Ministerio de Ciencias e Innovación. Madrid}, },
	year = {2009},
	date = {2009}
}